
@article{Liu2020jg,
  author = {Liu, Ning and Ma, Xiaolong and Xu, Zhiyuan and Wang, Yanzhi and Tang, Jian and Ye, Jieping},
  journal = {Proceedings of the AAAI Conference on Artificial Intelligence},
  month = {Apr.},
  number = {04},
  pages = {4876-4883},
  title = {AutoCompress: An Automatic DNN Structured Pruning Framework for Ultra-High Compression Rates},
  volume = {34},
  year = {2020}}

@inproceedings{Zhang2020kz,
  address = {New York, NY, USA},
  author = {Zhang, Ziqi and Li, Yuanchun and Guo, Yao and Chen, Xiangqun and Liu, Yunxin},
  booktitle = {Proceedings of the 28th ACM Joint Meeting on European Software Engineering Conference and Symposium on the Foundations of Software Engineering},
  pages = {838--850},
  publisher = {Association for Computing Machinery},
  series = {ESEC/FSE 2020},
  title = {Dynamic Slicing for Deep Neural Networks},
  year = {2020}}

@inproceedings{NHGJPT21,
author = {Humbatova, Nargiz and Jahangirova, Gunel and Tonella, Paolo},
title = {{DeepCrime}: Mutation Testing of Deep Learning Systems Based on Real Faults},
year = {2021},
isbn = {9781450384599},
publisher = {Association for Computing Machinery},
address = {New York, NY, USA},
url = {https://doi.org/10.1145/3460319.3464825},
doi = {10.1145/3460319.3464825},
booktitle = {Proceedings of the 30th ACM SIGSOFT International Symposium on Software Testing and Analysis},
pages = {67–78},
numpages = {12},
keywords = {deep learning, real faults, mutation testing},
location = {Virtual, Denmark},
series = {ISSTA 2021}
}

@inproceedings{munn,
    title={Munn: Mutation analysis of neural networks},
    author={Shen, Weijun and Wan, Jun and Chen, Zhenyu},
    booktitle={2018 IEEE International Conference on Software Quality, Reliability and Security Companion (QRS-C)},
    pages={108--115},
    year={2018},
    organization={IEEE}
}

@inproceedings{deepmut,
    title={Deepmutation: Mutation testing of deep learning systems},
    author={Ma, Lei and Zhang, Fuyuan and Sun, Jiyuan and Xue, Minhui and Li, Bo and Juefei-Xu, Felix and Xie, Chao and Li, Li and Liu, Yang and Zhao, Jianjun and others},
    booktitle={2018 IEEE 29th International Symposium on Software Reliability Engineering (ISSRE)},
    pages={100--111},
    year={2018},
    organization={IEEE}
}

@inproceedings{deepmut++,
    title={DeepMutation++: A Mutation Testing Framework for Deep Learning Systems},
    author={Q. {Hu} and L. {Ma} and X. {Xie} and B. {Yu} and Y. {Liu} and J. {Zhao}},
    booktitle={2019 34th IEEE/ACM International Conference on Automated Software Engineering (ASE)},
    pages={1158-1161},
    year={2019}
}

@inproceedings{islam,
    title={A comprehensive study on deep learning bug characteristics},
    author={Islam, Md Johirul and Nguyen, Giang and Pan, Rangeet and Rajan, Hridesh},
    booktitle={Proceedings of the 2019 27th ACM Joint Meeting on European Software Engineering Conference and Symposium on the Foundations of Software Engineering},
    pages={510--520},
    year={2019}
}

@inproceedings{taxonomy,
    title={Taxonomy of real faults in deep learning systems},
    author={Humbatova, Nargiz and Jahangirova, Gunel and Bavota, Gabriele and Riccio, Vincenzo and Stocco, Andrea and Tonella, Paolo},
    booktitle={Proceedings of the 41st International Conference on Software Engineering, ICSE},
    year={2020}
}

@inproceedings{zhang,
    title={An empirical study on TensorFlow program bugs},
    author={Zhang, Yuhao and Chen, Yifan and Cheung, Shing-Chi and Xiong, Yingfei and Zhang, Lu},
    booktitle={Proceedings of the 27th ACM SIGSOFT International Symposium on Software Testing and Analysis},
    pages={129--140},
    year={2018}
}

@misc{deepcrimeReplication,
    year = {2020},
    title = {{DeepCrime Replication Package}},
    url		= {https://zenodo.org/record/4772465},
    urldate = {2020-08-28}
}

@inproceedings{jahangirovantonella,
    title={An Empirical Evaluation of Mutation Operators for Deep Learning Systems},
    author={Jahangirova, Gunel and Tonella, Paolo},
    booktitle={2020 IEEE 13th International Conference on Software Testing, Validation and Verification (ICST)},
    pages={74--84},
    year={2020},
    organization={IEEE}
}

@misc{framework_data,
  year = {2019},
  title = {Deep Learning Framework Power Scores 2018},
  howpublished = {\url{https://towardsdatascience.com/deep-learning-framework-power-scores-2018-23607ddf297a}},
  urldate = {2019-07-24}
}

@inproceedings{autotrainer,
  title={AUTOTRAINER: An Automatic DNN Training Problem Detection and Repair System},
  author={Zhang, Xiaoyu and Zhai, Juan and Ma, Shiqing and Shen, Chao},
  booktitle={2021 IEEE/ACM 43rd International Conference on Software Engineering (ICSE)},
  pages={359--371},
  year={2021},
  organization={IEEE}
}

@article{mnist,
  title={The {MNIST} {Database} of {Handwritten} {Digits}},
  author={LeCun, Yann},
  year={1998},
  note = {Available at \url{http://yann. lecun. com/exdb/mnist/}},
}

@article{cifar10,
  title={The {Keras} {CIFAR10} {Dataset} of {Colour} {Images}},
  year={2000},
  note = {Available at \url{https://keras.io/api/datasets/cifar10/}},
  urldate = {2021-01-25}
}

@misc{reutersdataset,
  year = {2021},
  title = {{Keras} {Reuters} {Dataset}},
  note = {Available at \url{https://keras.io/api/datasets/reuters/}},
  urldate = {2021-01-25}
}

@inproceedings{unityeyes,
author = {Wood, Erroll and Baltru\v{s}aitis, Tadas and Morency, Louis-Philippe and Robinson, Peter and Bulling, Andreas},
title = {Learning an Appearance-Based Gaze Estimator from One Million Synthesised Images},
year = {2016},
isbn = {9781450341257},
publisher = {Association for Computing Machinery},
address = {New York, NY, USA},
url = {https://doi.org/10.1145/2857491.2857492},
doi = {10.1145/2857491.2857492},
pages = {131–138},
keywords = {learning-by-synthesis, appearance-based gaze estimation, real-time rendering, 3D morphable model},
location = {Charleston, South Carolina},
series = {ETRA '16}
}

@incollection{feurerHutter2019hyperparameter,
  title={Hyperparameter optimization},
  author={Feurer, Matthias and Hutter, Frank},
  booktitle={Automated machine learning},
  pages={3--33},
  year={2019},
  publisher={Springer, Cham}
}

@article{claesenMoor2015hyperparameter,
  title={Hyperparameter search in machine learning},
  author={Claesen, Marc and De Moor, Bart},
  journal={arXiv preprint arXiv:1502.02127},
  year={2015}
}

@article{zela2018towards,
  title={Towards automated deep learning: Efficient joint neural architecture and hyperparameter search},
  author={Zela, Arber and Klein, Aaron and Falkner, Stefan and Hutter, Frank},
  journal={arXiv preprint arXiv:1807.06906},
  year={2018}
}

@book{montgomery2017design,
  title={Design and analysis of experiments},
  author={Montgomery, Douglas C},
  year={2017},
  publisher={John wiley \& sons}
}

@article{bergstra2012random,
  title={Random search for hyper-parameter optimization.},
  author={Bergstra, James and Bengio, Yoshua},
  journal={Journal of machine learning research},
  volume={13},
  number={2},
  year={2012}
}

@article{brochu2010tutorial,
  title={A tutorial on Bayesian optimization of expensive cost functions, with application to active user modeling and hierarchical reinforcement learning},
  author={Brochu, Eric and Cora, Vlad M and De Freitas, Nando},
  journal={arXiv preprint arXiv:1012.2599},
  year={2010}
}

@article{shahriari2015taking,
  title={Taking the human out of the loop: A review of Bayesian optimization},
  author={Shahriari, Bobak and Swersky, Kevin and Wang, Ziyu and Adams, Ryan P and De Freitas, Nando},
  journal={Proceedings of the IEEE},
  volume={104},
  number={1},
  pages={148--175},
  year={2015},
  publisher={IEEE}
}

@article{jones2001taxonomy,
  title={A taxonomy of global optimization methods based on response surfaces},
  author={Jones, Donald R},
  journal={Journal of global optimization},
  volume={21},
  number={4},
  pages={345--383},
  year={2001},
  publisher={Springer}
}

@book{sasena2002flexibility,
  title={Flexibility and efficiency enhancements for constrained global design optimization with kriging approximations},
  author={Sasena, Michael James},
  year={2002},
  publisher={University of Michigan}
}

@article{snoek2012practical,
  title={Practical bayesian optimization of machine learning algorithms},
  author={Snoek, Jasper and Larochelle, Hugo and Adams, Ryan P},
  journal={Advances in neural information processing systems},
  volume={25},
  year={2012}
}

@inproceedings{snoek2015scalable,
  title={Scalable bayesian optimization using deep neural networks},
  author={Snoek, Jasper and Rippel, Oren and Swersky, Kevin and Kiros, Ryan and Satish, Nadathur and Sundaram, Narayanan and Patwary, Mostofa and Prabhat, Mr and Adams, Ryan},
  booktitle={International conference on machine learning},
  pages={2171--2180},
  year={2015},
  organization={PMLR}
}

@article{melis2017state,
  title={On the state of the art of evaluation in neural language models},
  author={Melis, G{\'a}bor and Dyer, Chris and Blunsom, Phil},
  journal={arXiv preprint arXiv:1707.05589},
  year={2017}
}

@inproceedings{dahl2013improving,
  title={Improving deep neural networks for LVCSR using rectified linear units and dropout},
  author={Dahl, George E and Sainath, Tara N and Hinton, Geoffrey E},
  booktitle={2013 IEEE international conference on acoustics, speech and signal processing},
  pages={8609--8613},
  year={2013},
  organization={IEEE}
}

@inproceedings{bohb,
  title={BOHB: Robust and efficient hyperparameter optimization at scale},
  author={Falkner, Stefan and Klein, Aaron and Hutter, Frank},
  booktitle={International Conference on Machine Learning},
  pages={1437--1446},
  year={2018},
  organization={PMLR}
}

@inproceedings{jamieson2016non,
  title={Non-stochastic best arm identification and hyperparameter optimization},
  author={Jamieson, Kevin and Talwalkar, Ameet},
  booktitle={Artificial intelligence and statistics},
  pages={240--248},
  year={2016},
  organization={PMLR}
}

@article{hyperband,
  title={Hyperband: A novel bandit-based approach to hyperparameter optimization},
  author={Li, Lisha and Jamieson, Kevin and DeSalvo, Giulia and Rostamizadeh, Afshin and Talwalkar, Ameet},
  journal={The Journal of Machine Learning Research},
  volume={18},
  number={1},
  pages={6765--6816},
  year={2017},
  publisher={JMLR. org}
}

@article{erickson2017machine,
  title={Machine learning for medical imaging},
  author={Erickson, Bradley J and Korfiatis, Panagiotis and Akkus, Zeynettin and Kline, Timothy L},
  journal={Radiographics},
  volume={37},
  number={2},
  pages={505},
  year={2017},
  publisher={Radiological Society of North America}
}

@article{varoquaux2022machine,
  title={Machine learning for medical imaging: methodological failures and recommendations for the future},
  author={Varoquaux, Ga{\"e}l and Cheplygina, Veronika},
  journal={NPJ digital medicine},
  volume={5},
  number={1},
  pages={1--8},
  year={2022},
  publisher={Nature Publishing Group}
}

@article{parekh2022review,
  title={A Review on Autonomous Vehicles: Progress, Methods and Challenges},
  author={Parekh, Darsh and Poddar, Nishi and Rajpurkar, Aakash and Chahal, Manisha and Kumar, Neeraj and Joshi, Gyanendra Prasad and Cho, Woong},
  journal={Electronics},
  volume={11},
  number={14},
  pages={2162},
  year={2022},
  publisher={MDPI}
}

@inproceedings{sun2022causality,
  title={Causality-based neural network repair},
  author={Sun, Bing and Sun, Jun and Pham, Long H and Shi, Jie},
  booktitle={Proceedings of the 44th International Conference on Software Engineering},
  pages={338--349},
  year={2022}
}

@article{tokui2022neurecover,
  title={NeuRecover: Regression-Controlled Repair of Deep Neural Networks with Training History},
  author={Tokui, Shogo and Tokumoto, Susumu and Yoshii, Akihito and Ishikawa, Fuyuki and Nakagawa, Takao and Munakata, Kazuki and Kikuchi, Shinji},
  journal={arXiv preprint arXiv:2203.00191},
  year={2022}
}

@inproceedings{usman2021nn,
  title={NN repair: Constraint-Based Repair of Neural Network Classifiers},
  author={Usman, Muhammad and Gopinath, Divya and Sun, Youcheng and Noller, Yannic and P{\u{a}}s{\u{a}}reanu, Corina S},
  booktitle={International Conference on Computer Aided Verification},
  pages={3--25},
  year={2021},
  organization={Springer}
}

@inproceedings{henriksen2022repairing,
  title={Repairing misclassifications in neural networks using limited data},
  author={Henriksen, Patrick and Leofante, Francesco and Lomuscio, Alessio},
  booktitle={Proceedings of the 37th ACM/SIGAPP Symposium on Applied Computing},
  pages={1031--1038},
  year={2022}
}

@inproceedings{sotoudeh2021provable,
  title={Provable repair of deep neural networks},
  author={Sotoudeh, Matthew and Thakur, Aditya V},
  booktitle={Proceedings of the 42nd ACM SIGPLAN International Conference on Programming Language Design and Implementation},
  pages={588--603},
  year={2021}
}

@article{nikanjam2021automatic,
  title={Automatic fault detection for deep learning programs using graph transformations},
  author={Nikanjam, Amin and Braiek, Houssem Ben and Morovati, Mohammad Mehdi and Khomh, Foutse},
  journal={ACM Transactions on Software Engineering and Methodology (TOSEM)},
  volume={31},
  number={1},
  pages={1--27},
  year={2021},
  publisher={ACM New York, NY}
}

@inproceedings{wardat2021deeplocalize,
  title={Deeplocalize: Fault localization for deep neural networks},
  author={Wardat, Mohammad and Le, Wei and Rajan, Hridesh},
  booktitle={2021 IEEE/ACM 43rd International Conference on Software Engineering (ICSE)},
  pages={251--262},
  year={2021},
  organization={IEEE}
}

@inproceedings{wardat2022deepdiagnosis,
  title={{DeepDiagnosis}: automatically diagnosing faults and recommending actionable fixes in deep learning programs},
  author={Wardat, Mohammad and Cruz, Breno Dantas and Le, Wei and Rajan, Hridesh},
  booktitle={Proceedings of the 44th International Conference on Software Engineering},
  pages={561--572},
  year={2022}
}

@inproceedings{schoop2021umlaut,
  title={Umlaut: Debugging deep learning programs using program structure and model behavior},
  author={Schoop, Eldon and Huang, Forrest and Hartmann, Bjoern},
  booktitle={Proceedings of the 2021 CHI Conference on Human Factors in Computing Systems},
  pages={1--16},
  year={2021}
}

@article{liaw2018tune,
    title={Tune: A Research Platform for Distributed Model Selection and Training},
    author={Liaw, Richard and Liang, Eric and Nishihara, Robert and
            Moritz, Philipp and Gonzalez, Joseph E and Stoica, Ion},
    journal={arXiv preprint arXiv:1807.05118},
    year={2018}
}

@article{wu2022genmunn,
  title={GenMuNN: A Mutation-based approach to repair deep neural network models},
  author={Wu, Huanhuan and Li, Zheng and Cui, Zhanqi and Liu, Jianbin},
  journal={International Journal of Modeling, Simulation, and Scientific Computing},
  pages={2341008},
  year={2022},
  publisher={World Scientific}
}

@article{kingma2014adam,
  title={Adam: A method for stochastic optimization},
  author={Kingma, Diederik P and Ba, Jimmy},
  journal={arXiv preprint arXiv:1412.6980},
  year={2014}
}